@online{TP,
  title = {TP 2 : Simulation de lois de probabilités},
  url = {https://fcorset.github.io/TPs/tp2.html},
  
}

@online{git,
  title = {Github TP : Simulation de lois de probabilités},
  url = {https://github.com/AllanDCQ/Simulation-de-lois-de-probabilit-s/},
  
}


@article{lawoflargeNumbers,
	author = {P. L. Hsu, Robbins Herbert},
	title = {Complete Convergence and the Law of Large Numbers},
	howpublished = {\url{https://doi.org/10.1073/pnas.33.2.25}},
	year = {1947},
}



@online{uniformlaw,
  title = {Loi uniforme discrète},
  url = {https://bibmath.net/dico/index.php?action=affiche&quoi=.%2Fl%2Floiunifdisc.html},
  
}

@online{bernoulliLaw,
  title = {Loi de Bernoulli},
  url = {https://www.bibmath.net/dico/index.php?action=affiche&quoi=./l/loibernoulli.html},
  
}

@online{binomiallaw,
  title = {Loi binomiale},
  url = {https://www.bibmath.net/dico/index.php/index.php?action=affiche&quoi=./l/loibinomiale.html},
  
}

@online{geometriclaw,
  title = {Loi géométrique},
  url = {https://www.bibmath.net/dico/index.php?action=affiche&quoi=./l/loigeometrique.html},
  
}

@online{poissonlaw,
  title = {Loi de Poisson},
  url = {https://www.bibmath.net/dico/index.php?action=affiche&quoi=./l/loipoisson.html},
  
}

@online{loi_uniforme,
  title = {Loi Uniforme Continue},
  url = {https://www.bibmath.net/dico/index.php?action=affiche&quoi=./l/loiunifcont.html},
  
}

@online{loi_normale,
  title = {Loi Normale centrée réduite},
  url = {https://www.bibmath.net/dico/index.php?action=affiche&quoi=./l/loinormale.html},
  
}

@online{fct_repartition,
  title = {Fonctions de répartition et de masse},
  url = {https://www.bibmath.net/dico/index.php?action=affiche&quoi=./f/foncrepar.html},
}